@article{efing2020uso,
  title={O uso dos carros aut{\^o}nomos, seus riscos e perigos jur{\'\i}dicos},
  author={Efing, Ant{\^o}nio Carlos and de Souza Ara{\'u}jo, Jailson},
  journal={Revista de Direito do Consumidor},
  pages={81--102},
  year={2020}
}

@article{caetano2020algoritmos,
  title={Os algoritmos de acidente para carros aut{\^o}nomos e o direito penal: an{\'a}lises e perspectivas},
  author={Caetano, Matheus Almeida and others},
  journal={Revista de Estudos Criminais},
  volume={19},
  number={77},
  pages={149--192},
  year={2020}
}

@inproceedings{de2018futuro,
  title={O FUTURO: CARROS AUT{\^O}NOMOS!},
  author={de Souza, Rayane Aquino and Mori, Caleo Garcia and de Abreu, Rosana Novais and Lui, Jacqueline Andressa and de Paula, Mariana Vaz},
  booktitle={Escola de Gest{\~a}o e Direito},
  year={2018}
}

@article{trindade2018detecccao,
  title={Detec{\c{c}}{\~a}o de obst{\'a}culos para carros aut{\^o}nomos utilizando aprendizado profundo},
  author={Trindade, Lucas Lopes and others},
  year={2018},
  publisher={Florian{\'o}polis, SC}
}