@inproceedings{han2011survey,
  title={Survey on NoSQL database},
  author={Han, Jing and Haihong, Ee and Le, Guan and Du, Jian},
  booktitle={2011 6th international conference on pervasive computing and applications},
  pages={363--366},
  year={2011},
  organization={IEEE}
}

@inproceedings{webber2012programmatic,
  title={A programmatic introduction to neo4j},
  author={Webber, Jim},
  booktitle={Proceedings of the 3rd annual conference on Systems, programming, and applications: software for humanity},
  pages={217--218},
  year={2012}
}

@book{turnbull2018monitoring,
  title={Monitoring with Prometheus},
  author={Turnbull, James},
  year={2018},
  publisher={Turnbull Press}
}

@book{chodorow2013mongodb,
  title={MongoDB: the definitive guide: powerful and scalable data storage},
  author={Chodorow, Kristina},
  year={2013},
  publisher={"O'Reilly Media, Inc."}
}

@book{date2004introduccao,
  title={Introdu{\c{c}}{\~a}o a sistemas de bancos de dados},
  author={Date, Christopher J},
  year={2004},
  publisher={Elsevier Brasil}
}

@article{marx2013big,
  title={The big challenges of big data},
  author={Marx, Vivien},
  journal={Nature},
  volume={498},
  number={7453},
  pages={255--260},
  year={2013},
  publisher={Nature Publishing Group}
}