@article{peinado2007administraccao,
  title={Administra{\c{c}}{\~a}o da produ{\c{c}}{\~a}o},
  author={Peinado, Jurandir and Graeml, Alexandre Reis},
  journal={Opera{\c{c}}{\~o}es industriais e de servi{\c{c}}os. Unicenp},
  pages={201--202},
  year={2007}
}

@article{arbulu2003kanban,
  title={Kanban in construction},
  author={Arbulu, Roberto and Ballard, Glenn and Harper, Nigel},
  journal={Proceedings of IGLC-11, Virginia Tech, Blacksburgh, Virginia, USA},
  pages={16--17},
  year={2003},
  publisher={Citeseer}
}