@article{wanderley2016desastre,
  title={Desastre da Samarco/Vale/BHP no Vale do Rio Doce: aspectos econ{\^o}micos, pol{\'\i}ticos e socio ambientais},
  author={Wanderley, Luiz Jardim and Mansur, Ma{\'\i}ra Sert{\~a} and Milanez, Bruno and Pinto, Raquel Giffoni},
  journal={Ci{\^e}ncia e Cultura},
  volume={68},
  number={3},
  pages={30--35},
  year={2016},
  publisher={Sociedade Brasileira para o Progresso da Ci{\^e}ncia}
}

@MISC{ibge2021,
author = {IBGE},
title = {Áreas Territoriais},
month = Outubro,
year = {2021},
howpublished={\url{https://www.ibge.gov.br/geociencias/organizacao-do-territorio/estrutura-territorial/15761-areas-dos-municipios.html?=&t=o-que-e}}
}

@MISC{ibama2021,
author = {IBAMA},
title = {Sistema Nacional de Emergências Ambientais (Siema)},
month = Outubro,
year = {2021},
howpublished={\url{http://www.ibama.gov.br/sistemas/siema}}
}

@MISC{cnt2021,
author = {CNT},
title = {Somente 12,4\% da malha rodoviária brasileira é pavimentada},
month = Outubro,
year = {2021},
howpublished={\url{https://www.cnt.org.br/agencia-cnt/somente-12-da-malha-rodoviaria-brasileira-pavimentada}}
}

@book{reigota2017educaccao,
  title={O que {\'e} educa{\c{c}}{\~a}o ambiental},
  author={Reigota, Marcos},
  year={2017},
  publisher={Brasiliense}
}