@article{gennari2003evolution,
  title={The evolution of Prot{\'e}g{\'e}: an environment for knowledge-based systems development},
  author={Gennari, John H and Musen, Mark A and Fergerson, Ray W and Grosso, William E and Crub{\'e}zy, Monica and Eriksson, Henrik and Noy, Natalya F and Tu, Samson W},
  journal={International Journal of Human-computer studies},
  volume={58},
  number={1},
  pages={89--123},
  year={2003},
  publisher={Elsevier}
}

@article{graves2007foaf,
  title={Foaf: Connecting people on the semantic web},
  author={Graves, Mike and Constabaris, Adam and Brickley, Dan},
  journal={Cataloging \& classification quarterly},
  volume={43},
  number={3-4},
  pages={191--202},
  year={2007},
  publisher={Taylor \& Francis}
}

@article{baker2000grammar,
  title={A grammar of Dublin Core},
  author={Baker, Thomas},
  journal={D-lib magazine},
  volume={6},
  number={10},
  pages={47--60},
  year={2000},
  publisher={Citeseer}
}

@article{berners2001semantic,
  title={The semantic web},
  author={Berners-Lee, Tim and Hendler, James and Lassila, Ora},
  journal={Scientific american},
  volume={284},
  number={5},
  pages={34--43},
  year={2001},
  publisher={JSTOR}
}

@article{perez2009semantics,
  title={Semantics and complexity of SPARQL},
  author={P{\'e}rez, Jorge and Arenas, Marcelo and Gutierrez, Claudio},
  journal={ACM Transactions on Database Systems (TODS)},
  volume={34},
  number={3},
  pages={1--45},
  year={2009},
  publisher={ACM New York, NY, USA}
}