@book{martin2013clean,
  title={Clean Code-Refactoring, Patterns, Testen und Techniken f{\"u}r sauberen Code: Deutsche Ausgabe},
  author={Martin, Robert C},
  year={2013},
  publisher={MITP-Verlags GmbH \& Co. KG}
}

@inproceedings{marcilio2019static,
  title={Are static analysis violations really fixed? a closer look at realistic usage of sonarqube},
  author={Marcilio, Diego and Bonif{\'a}cio, Rodrigo and Monteiro, Eduardo and Canedo, Edna and Luz, Welder and Pinto, Gustavo},
  booktitle={2019 IEEE/ACM 27th International Conference on Program Comprehension (ICPC)},
  pages={209--219},
  year={2019},
  organization={IEEE}
}

@article{millman2011python,
  title={Python for scientists and engineers},
  author={Millman, K Jarrod and Aivazis, Michael},
  journal={Computing in Science \& Engineering},
  volume={13},
  number={2},
  pages={9--12},
  year={2011},
  publisher={IEEE}
}

@article{ranum2006successful,
  title={Successful approaches to teaching introductory computer science courses with Python},
  author={Ranum, David and Miller, Bradley and Zelle, John and Guzdial, Mark},
  journal={ACM SIGCSE Bulletin},
  volume={38},
  number={1},
  pages={396--397},
  year={2006},
  publisher={ACM New York, NY, USA}
}

@article{da2019linguagem,
  title={Linguagem de Programa{\c{c}}{\~a}o Python},
  author={da Silva, Rog{\'e}rio Oliveira and Silva, Igor Rodrigues Sousa},
  journal={TECNOLOGIAS EM PROJE{\c{C}}{\~A}O},
  volume={10},
  number={1},
  pages={55--71},
  year={2019}
}