@article{rivin1994n,
  title={The n-queens problem},
  author={Rivin, Igor and Vardi, Ilan and Zimmermann, Paul},
  journal={The American Mathematical Monthly},
  volume={101},
  number={7},
  pages={629--639},
  year={1994},
  publisher={Taylor \& Francis}
}

@inproceedings{erbas1992different,
  title={Different perspectives of the N-queens problem},
  author={Erbas, Cengiz and Sarkeshik, Seyed and Tanik, Murat M},
  booktitle={Proceedings of the 1992 ACM annual conference on communications},
  pages={99--108},
  year={1992}
}

@article{russell2002artificial,
  title={Artificial intelligence: a modern approach},
  author={Russell, Stuart and Norvig, Peter},
  year={2002}
}

@inproceedings{gent1993towards,
  title={Towards an understanding of hill-climbing procedures for SAT},
  author={Gent, Ian P and Walsh, Toby and others},
  booktitle={AAAI},
  volume={93},
  number={Citeseer},
  pages={28--33},
  year={1993}
}

@article{selman2006hill,
  title={Hill-climbing search},
  author={Selman, Bart and Gomes, Carla P},
  journal={Encyclopedia of cognitive science},
  volume={81},
  pages={82},
  year={2006},
  publisher={John Wiley \& Sons, Ltd Chichester}
}

@misc{Moura2018,
  author = {de Moura, V.V.},
  title = {N-Queen Problem Solver},
  year = {2018},
  publisher = {GitHub},
  journal = {GitHub repository},
  howpublished = {\url{https://github.com/vitorverasm/ai-nqueens}},
  commit = {5843f65714be709916a32c936d5eba5da93dbb5b}
}