@inproceedings{vassiliadis2002conceptual,
  title={Conceptual modeling for ETL processes},
  author={Vassiliadis, Panos and Simitsis, Alkis and Skiadopoulos, Spiros},
  booktitle={Proceedings of the 5th ACM international workshop on Data Warehousing and OLAP},
  pages={14--21},
  year={2002}
}

@article{mitchell1997machine,
  title={Machine learning},
  author={Mitchell, Tom M and others},
  year={1997},
  publisher={McGraw-hill New York}
}

@article{team2000r,
  title={R language definition},
  author={Team, R Core},
  journal={Vienna, Austria: R foundation for statistical computing},
  year={2000}
}

@article{mackiewicz1993principal,
  title={Principal components analysis (PCA)},
  author={Ma{\'c}kiewicz, Andrzej and Ratajczak, Waldemar},
  journal={Computers \& Geosciences},
  volume={19},
  number={3},
  pages={303--342},
  year={1993},
  publisher={Elsevier}
}

@article{barlow1989unsupervised,
  title={Unsupervised learning},
  author={Barlow, Horace B},
  journal={Neural computation},
  volume={1},
  number={3},
  pages={295--311},
  year={1989},
  publisher={MIT Press}
}

@article{hamerly2004learning,
  title={Learning the k in k-means},
  author={Hamerly, Greg and Elkan, Charles},
  journal={Advances in neural information processing systems},
  volume={16},
  pages={281--288},
  year={2004},
  publisher={MIT Press}
}

@article{burkardt2009k,
  title={K-means clustering},
  author={Burkardt, John},
  journal={Virginia Tech, Advanced Research Computing, Interdisciplinary Center for Applied Mathematics},
  year={2009}
}