@book{chhajed2015learning,
  title={Learning ELK stack},
  author={Chhajed, Saurabh},
  year={2015},
  publisher={Packt Publishing Ltd}
}

@inproceedings{son2017performance,
  title={Performance of ELK stack and commercial system in security log analysis},
  author={Son, Sung Jun and Kwon, Youngmi},
  booktitle={2017 IEEE 13th Malaysia International Conference on Communications (MICC)},
  pages={187--190},
  year={2017},
  organization={IEEE}
}

@inproceedings{kononenko2014mining,
  title={Mining modern repositories with elasticsearch},
  author={Kononenko, Oleksii and Baysal, Olga and Holmes, Reid and Godfrey, Michael W},
  booktitle={Proceedings of the 11th working conference on mining software repositories},
  pages={328--331},
  year={2014}
}

@inproceedings{hazarika2017performance,
  title={Performance comparision of Hadoop and spark engine},
  author={Hazarika, Akaash Vishal and Ram, G Jagadeesh Sai Raghu and Jain, Eeti},
  booktitle={2017 International Conference on I-SMAC (IoT in Social, Mobile, Analytics and Cloud)(I-SMAC)},
  pages={671--674},
  year={2017},
  organization={IEEE}
}

@article{lucene2010apache,
  title={Apache lucene-overview},
  author={Lucene, Apache},
  journal={Internet: http://lucene. apache. org/iava/docs/[Jan. 15, 2009]},
  year={2010}
}

@incollection{frampton2015storing,
  title={Storing and configuring data with Hadoop, YARN, and ZooKeeper},
  author={Frampton, Michael},
  booktitle={Big Data Made Easy},
  pages={11--56},
  year={2015},
  publisher={Springer}
}

@inproceedings{fuad2014processing,
  title={Processing performance on apache pig, apache hive and MySQL cluster},
  author={Fuad, Ammar and Erwin, Alva and Ipung, Heru Purnomo},
  booktitle={Proceedings of International Conference on Information, Communication Technology and System (ICTS) 2014},
  pages={297--302},
  year={2014},
  organization={IEEE}
}